@misc{rfc793,
	series =	{Request for Comments},
	number =	793,
	howpublished =	{RFC 793},
	publisher =	{RFC Editor},
        author =	{},
	title =		{{Transmission Control Protocol}},
	pagetotal =	91,
	year =		1981,
	month =		sep,
	abstract =	{},
}

@inproceedings{cousot2005astree,
  title={The ASTR{\'E}E analyzer},
  author={Cousot, Patrick and Cousot, Radhia and Feret, J{\'e}r{\^o}me and Mauborgne, Laurent and Min{\'e}, Antoine and Monniaux, David and Rival, Xavier},
  booktitle={European Symposium on Programming},
  pages={21--30},
  year={2005},
  organization={Springer}
}

@inproceedings{mumon,
  author = {Nikhil Swamy and
            Catalin Hritcu and
            Chantal Keller and
            Aseem Rastogi and
            Antoine Delignat-Lavaud and
            Simon Forest and
            Karthikeyan Bhargavan and
            C\'{e}dric Fournet and
            Pierre-Yves Strub and
            Markulf Kohlweiss and
            Jean-Karim Zinzindohou\'e and
            Santiago {Zanella-B\'eguelin}},
  title = {Dependent Types and Multi-Monadic Effects in {F*}},
  booktitle = {43rd ACM SIGPLAN-SIGACT
    Symposium on Principles of Programming Languages (POPL)},
  shortbooktitle = {POPL},
  pages = {256-270},
  publisher = {ACM},
  isbn = {978-1-4503-3549-2},
  month = jan,
  year = {2016},
  ee = {http://dx.doi.org/10.1145/2837614.2837655},
}

@inproceedings{cuoq2012frama,
  title={Frama-c},
  author={Cuoq, Pascal and Kirchner, Florent and Kosmatov, Nikolai and Prevosto, Virgile and Signoles, Julien and Yakobowski, Boris},
  booktitle={International conference on software engineering and formal methods},
  pages={233--247},
  year={2012},
  organization={Springer}
}

@inproceedings{bhargavan2017everest,
  title={Everest: Towards a verified, drop-in replacement of HTTPS},
  author={Bhargavan, Karthikeyan and Bond, Barry and Delignat-Lavaud, Antoine and Fournet, C{\'e}dric and Hawblitzel, Chris and Hritcu, Catalin and Ishtiaq, Samin and Kohlweiss, Markulf and Leino, Rustan and Lorch, Jay and others},
  booktitle={2nd Summit on Advances in Programming Languages (SNAPL 2017)},
  year={2017},
  organization={Schloss Dagstuhl-Leibniz-Zentrum fuer Informatik}
}

@inproceedings{bhargavan2013implementing,
  title={Implementing TLS with verified cryptographic security},
  author={Bhargavan, Karthikeyan and Fournet, C{\'e}dric and Kohlweiss, Markulf and Pironti, Alfredo and Strub, Pierre-Yves},
  booktitle={2013 IEEE Symposium on Security and Privacy},
  pages={445--459},
  year={2013},
  organization={IEEE}
}

@inproceedings{zinzindohoue2017hacl,
  title={HACL*: A verified modern cryptographic library},
  author={Zinzindohou{\'e}, Jean-Karim and Bhargavan, Karthikeyan and Protzenko, Jonathan and Beurdouche, Benjamin},
  booktitle={Proceedings of the 2017 ACM SIGSAC Conference on Computer and Communications Security},
  pages={1789--1806},
  year={2017}
}

@article{Reiher2019RecordFluxFM,
  title={RecordFlux: Formal Message Specification and Generation of Verifiable Binary Parsers},
  author={Tobias Reiher and Alexander Senier and Jer{\'o}nimo Castrill{\'o}n and Thorsten Strufe},
  journal={ArXiv},
  year={2019},
  volume={abs/1910.02146}
}

@incollection{smith1996formal,
  title={Formal verification of communication protocols},
  author={Smith, Mark AS},
  booktitle={Formal Description Techniques IX},
  pages={129--144},
  year={1996},
  publisher={Springer}
}

@inproceedings{ridge2008rigorous,
  title={A rigorous approach to networking: TCP, from implementation to protocol to service},
  author={Ridge, Tom and Norrish, Michael and Sewell, Peter},
  booktitle={International Symposium on Formal Methods},
  pages={294--309},
  year={2008},
  organization={Springer}
}

@inproceedings{conchon:hal-01960203,
  TITLE = {{Alt-Ergo 2.2}},
  AUTHOR = {Conchon, Sylvain and Coquereau, Albin and  Iguernlala, Mohamed and Mebsout, Alain},
  BOOKTITLE = {{SMT Workshop: International Workshop on Satisfiability Modulo Theories}},
  ADDRESS = {Oxford, United Kingdom},
  YEAR = {2018},
  MONTH = Jul,
  HAL_ID = {hal-01960203},
  HAL_VERSION = {v1},
}

@inproceedings{de2008z3,
  title={Z3: An efficient SMT solver},
  author={De Moura, Leonardo and Bj{\o}rner, Nikolaj},
  booktitle={International conference on Tools and Algorithms for the Construction and Analysis of Systems},
  pages={337--340},
  year={2008},
  organization={Springer}
}

@book{mccormick2015building,
  title={Building high integrity applications with SPARK},
  author={McCormick, John W and Chapin, Peter C},
  year={2015},
  publisher={Cambridge University Press}
}

@inproceedings{dross2020recursive,
  title={Recursive Data Structures in SPARK},
  author={Dross, Claire and Kanig, Johannes},
  booktitle={International Conference on Computer Aided Verification},
  pages={178--189},
  year={2020},
  organization={Springer}
}

@inproceedings{vanoverberghe2008using,
  title={Using dynamic symbolic execution to improve deductive verification},
  author={Vanoverberghe, Dries and Bj{\o}rner, Nikolaj and de Halleux, Jonathan and Schulte, Wolfram and Tillmann, Nikolai},
  booktitle={International SPIN Workshop on Model Checking of Software},
  pages={9--25},
  year={2008},
  organization={Springer}
}

@inproceedings{kassios2012comparing,
  title={Comparing verification condition generation with symbolic execution: an experience report},
  author={Kassios, Ioannis T and M{\"u}ller, Peter and Schwerhoff, Malte},
  booktitle={International Conference on Verified Software: Tools, Theories, Experiments},
  pages={196--208},
  year={2012},
  organization={Springer}
}
